<collection>
  <record>
    <controlfield tag="001">1120</controlfield>
    <datafield tag="024" ind1="7" ind2=" ">
      <subfield code="a">10.7483/OPENDATA.ALICE.Y62S.E7UR</subfield>
      <subfield code="2">DOI</subfield>
    </datafield>
    <datafield tag="110" ind1=" " ind2=" ">
      <subfield code="a">ALICE Collaboration</subfield>
    </datafield>
    <datafield tag="245" ind1=" " ind2=" ">
      <subfield code="a">LHC2010h_PbPb_VSD_139036</subfield>
    </datafield>
    <datafield tag="246" ind1=" " ind2=" ">
      <subfield code="a">Pb-Pb VSD masterclass data sample at 3.5 TeV (LHC2010h_PbPb_VSD_139036)</subfield>
    </datafield>
    <datafield tag="256" ind1=" " ind2=" ">
      <subfield code="a">Dataset</subfield>
      <subfield code="f">11</subfield>
      <subfield code="t">files</subfield>
    </datafield>
    <datafield tag="256" ind1=" " ind2=" ">
      <subfield code="e">342</subfield>
      <subfield code="t">events</subfield>
    </datafield>
    <datafield tag="256" ind1=" " ind2=" ">
      <subfield code="b">772862267</subfield>
      <subfield code="t">bytes in total</subfield>
    </datafield>
    <datafield tag="260" ind1=" " ind2=" ">
      <subfield code="c">2012</subfield>
    </datafield>
    <datafield tag="520" ind1=" " ind2=" ">
      <subfield code="a">Pb-Pb VSD masterclass data sample at 3.5 TeV</subfield>
    </datafield>
    <datafield tag="653" ind1="1" ind2=" ">
      <subfield code="a">masterclass</subfield>
    </datafield>
    <datafield tag="653" ind1="1" ind2=" ">
      <subfield code="a">ALICE</subfield>
    </datafield>
    <datafield tag="693" ind1=" " ind2=" ">
      <subfield code="a">CERN-LHC</subfield>
      <subfield code="e">ALICE</subfield>
    </datafield>
    <datafield tag="856" ind1="7" ind2=" ">
      <subfield code="2">xrootd</subfield>
      <subfield code="u">root://eospublic.cern.ch//eos/opendata/alice/masterclass/AliVSD_Masterclass_1.root</subfield>
      <subfield code="s">43359305</subfield>
    </datafield>
    <datafield tag="856" ind1="7" ind2=" ">
      <subfield code="2">xrootd</subfield>
      <subfield code="u">root://eospublic.cern.ch//eos/opendata/alice/masterclass/AliVSD_Masterclass_10.root</subfield>
      <subfield code="s">46920005</subfield>
    </datafield>
    <datafield tag="856" ind1="7" ind2=" ">
      <subfield code="2">xrootd</subfield>
      <subfield code="u">root://eospublic.cern.ch//eos/opendata/alice/masterclass/AliVSD_Masterclass_2.root</subfield>
      <subfield code="s">40473110</subfield>
    </datafield>
    <datafield tag="856" ind1="7" ind2=" ">
      <subfield code="2">xrootd</subfield>
      <subfield code="u">root://eospublic.cern.ch//eos/opendata/alice/masterclass/AliVSD_Masterclass_3.root</subfield>
      <subfield code="s">46666641</subfield>
    </datafield>
    <datafield tag="856" ind1="7" ind2=" ">
      <subfield code="2">xrootd</subfield>
      <subfield code="u">root://eospublic.cern.ch//eos/opendata/alice/masterclass/AliVSD_Masterclass_4.root</subfield>
      <subfield code="s">44175305</subfield>
    </datafield>
    <datafield tag="856" ind1="7" ind2=" ">
      <subfield code="2">xrootd</subfield>
      <subfield code="u">root://eospublic.cern.ch//eos/opendata/alice/masterclass/AliVSD_Masterclass_5.root</subfield>
      <subfield code="s">67736734</subfield>
    </datafield>
    <datafield tag="856" ind1="7" ind2=" ">
      <subfield code="2">xrootd</subfield>
      <subfield code="u">root://eospublic.cern.ch//eos/opendata/alice/masterclass/AliVSD_Masterclass_6.root</subfield>
      <subfield code="s">35379987</subfield>
    </datafield>
    <datafield tag="856" ind1="7" ind2=" ">
      <subfield code="2">xrootd</subfield>
      <subfield code="u">root://eospublic.cern.ch//eos/opendata/alice/masterclass/AliVSD_Masterclass_7.root</subfield>
      <subfield code="s">63455250</subfield>
    </datafield>
    <datafield tag="856" ind1="7" ind2=" ">
      <subfield code="2">xrootd</subfield>
      <subfield code="u">root://eospublic.cern.ch//eos/opendata/alice/masterclass/AliVSD_Masterclass_8.root</subfield>
      <subfield code="s">46325793</subfield>
    </datafield>
    <datafield tag="856" ind1="7" ind2=" ">
      <subfield code="2">xrootd</subfield>
      <subfield code="u">root://eospublic.cern.ch//eos/opendata/alice/masterclass/AliVSD_Masterclass_9.root</subfield>
      <subfield code="s">45248227</subfield>
    </datafield>
    <datafield tag="856" ind1="7" ind2=" ">
      <subfield code="2">xrootd</subfield>
      <subfield code="u">root://eospublic.cern.ch//eos/opendata/alice/masterclass/MasterClassesTree_LHC10h_Run139036.root</subfield>
      <subfield code="s">293121910</subfield>
    </datafield>
    <datafield tag="980" ind1=" " ind2=" ">
      <subfield code="a">ALICE-Derived-Datasets</subfield>
    </datafield>
    <datafield tag="FFT" ind1=" " ind2=" ">
      <subfield code="a">/tmp/opendata.cern.ch-fft-file-cache/alice-eos-file-indexes/LHC2010h_PbPb_VSD_139036.json</subfield>
    </datafield>
  </record>
</collection>
